@Article{handgesture,
	author = {Ahmed Kadem Hamed AlSaedi, Abbas H. Hassin AlAsadi},
	title = {A new hand gestures recognition system},
	journal = {Indonesian Journal of Electrical Engineering and Computer Science},
	year = {2020},
	volume = {18},
}
@Book{finger,
	author = {Ruchi Manish Gurav and Premanand K. Kadbe},
	title = {Real time Finger Tracking and Contour Detection for Gesture Recognition using OpenCV},
	publisher = {Ruchi Manish Gurav},
	year = {2015},
}
@Book{handposture,
	author = {Dennis N. F. and Bogdan Kwolek},
	title = {Hand Posture Recognition Using Convolutional Neural Network},
	publisher = {Dennis N. F. and Bogdan Kwolek},
	year = {2017},
}
@online{cucitangan,
	author = {Aprinda Puji},
	title = {Cara Cuci Tangan yang Salah, Tapi Sering Dilakukan Banyak Orang},
	date = {29 Juni 2020},
	url = {https://hellosehat.com/hidup-sehat/tips-sehat/cara-cuci-tangan-yang-salah/},
}

@online{cucitangan,
	author = {Aprinda Puji},
	title = {Cara Cuci Tangan yang Salah, Tapi Sering Dilakukan Banyak Orang},
	date = {29 Juni 2020},
	url = {https://hellosehat.com/hidup-sehat/tips-sehat/cara-cuci-tangan-yang-salah/},
}

@online{cnn,
	author = {Nadhia Sofia},
	title = {CONVOLUTIONAL NEURAL NETWORK},
	date = {Jun 9, 2018},
	url = {https://medium.com/@nadhifasofia/1-convolutional-neural-network-convolutional-neural-network-merupakan-salah-satu-metode-machine-28189e17335b},
}

@online{covid19,
	author = {World-O-Meter},
	title = {COVID-19 CORONAVIRUS PANDEMIC},
	date = {29 November 2020},
	url = {https://www.worldometers.info/coronavirus/},
}

@online{cleanhands,
	author = {WHO},
	title = {WHO SAVE LIVES: CLEAN YOUR HANDS
	IN THE CONTEXT OF COVID-19},
	date = {5 April 2020},
	url = {https://www.who.int/publications/m/item/who-saves-lives-clean-your-hands-in-the-context-of-covid-19},
}
